@book {fellerv1,
    AUTHOR = {Feller, William},
     TITLE = {An introduction to probability theory and its applications.
              {V}ol. {I}},
    SERIES = {Third edition},
 PUBLISHER = {John Wiley \& Sons Inc.},
   ADDRESS = {New York},
      YEAR = {1968},
     PAGES = {xviii+509},
   MRCLASS = {60.00},
  MRNUMBER = {0228020 (37 \#3604)},
MRREVIEWER = {J. G. Wendel},
}

@book {fellerv2,
    AUTHOR = {Feller, William},
     TITLE = {An introduction to probability theory and its applications.
              {V}ol. {II}. },
    SERIES = {Second edition},
 PUBLISHER = {John Wiley \& Sons Inc.},
   ADDRESS = {New York},
      YEAR = {1971},
     PAGES = {xxiv+669},
   MRCLASS = {60.00},
  MRNUMBER = {0270403 (42 \#5292)},
}


@article {fontes:08,
    AUTHOR = {Fontes, Luiz Renato G. and Mathieu, Pierre},
     TITLE = {{$K$}-processes, scaling limit and aging for the trap model in
              the complete graph},
   JOURNAL = {Ann. Probab.},
  FJOURNAL = {The Annals of Probability},
    VOLUME = {36},
      YEAR = {2008},
    NUMBER = {4},
     PAGES = {1322--1358},
      ISSN = {0091-1798},
     CODEN = {APBYAE},
   MRCLASS = {60K35 (60K37 82C44)},
  MRNUMBER = {2435851 (2009g:60132)},
MRREVIEWER = {Rongfeng Sun},
       DOI = {10.1214/07-AOP360},
       URL = {http://dx.doi.org/10.1214/07-AOP360},
}

@article {reuter:69,
    AUTHOR = {Reuter, Gerd Edzard Harry},
     TITLE = {Remarks on a {M}arkov chain example of {K}olmogorov},
   JOURNAL = {Z. Wahrscheinlichkeitstheorie und Verw. Gebiete},
    VOLUME = {13},
      YEAR = {1969},
     PAGES = {315--320},
   MRCLASS = {60.65},
  MRNUMBER = {0258132 (41 \#2779)},
MRREVIEWER = {U. Krengel},
}


@inproceedings {kendall:56,
    AUTHOR = {Kendall, David George and Reuter, Gerd Edzard Harry},
     TITLE = {Some pathological {M}arkov processes with a denumerable
              infinity of states and the associated semigroups of operators
              on {$l$}},
 BOOKTITLE = {Proceedings of the {I}nternational {C}ongress of
              {M}athematicians, 1954, {A}msterdam, vol. {III}},
     PAGES = {377--415},
 PUBLISHER = {Erven P. Noordhoff N.V., Groningen},
      YEAR = 1956,
   MRCLASS = {60.0X},
  MRNUMBER = {0088831 (19,586e)},
MRREVIEWER = {K. Yosida},
}

@book {ethier:86,
    AUTHOR = {Ethier, Stewart N. and Kurtz, Thomas G.},
     TITLE = {Markov processes},
    SERIES = {Wiley Series in Probability and Mathematical Statistics:
              Probability and Mathematical Statistics},
      NOTE = {Characterization and convergence},
 PUBLISHER = {John Wiley \& Sons Inc.},
   ADDRESS = {New York},
      YEAR = {1986},
     PAGES = {x+534},
      ISBN = {0-471-08186-8},
   MRCLASS = {60J25 (60B10 60F05 60F17 60G44 60J80)},
  MRNUMBER = {838085 (88a:60130)},
MRREVIEWER = {S. R. S. Varadhan},
       DOI = {10.1002/9780470316658},
       URL = {http://dx.doi.org/10.1002/9780470316658},
}

@book {liggett:85,
    AUTHOR = {Liggett, Thomas M.},
     TITLE = {Interacting particle systems},
    SERIES = {Grundlehren der Mathematischen Wissenschaften [Fundamental
              Principles of Mathematical Sciences]},
    VOLUME = {276},
 PUBLISHER = {Springer-Verlag},
   ADDRESS = {New York},
      YEAR = {1985},
     PAGES = {xv+488},
      ISBN = {0-387-96069-4},
   MRCLASS = {60K35},
  MRNUMBER = {776231 (86e:60089)},
MRREVIEWER = {F. L. Spitzer},
}


@book {billingsley:99,
    AUTHOR = {Billingsley, Patrick},
     TITLE = {Convergence of probability measures},
    SERIES = {Wiley Series in Probability and Statistics: Probability and
              Statistics},
   EDITION = {Second},
      NOTE = {A Wiley-Interscience Publication},
 PUBLISHER = {John Wiley \& Sons Inc.},
   ADDRESS = {New York},
      YEAR = {1999},
     PAGES = {x+277},
      ISBN = {0-471-19745-9},
   MRCLASS = {60B10 (28A33 60F17)},
  MRNUMBER = {1700749 (2000e:60008)},
       DOI = {10.1002/9780470316962},
       URL = {http://dx.doi.org/10.1002/9780470316962},
}

@incollection {bertoin:97,
    AUTHOR = {Bertoin, Jean},
     TITLE = {Subordinators: examples and applications},
 BOOKTITLE = {Lectures on probability theory and statistics
              ({S}aint-{F}lour, 1997)},
    SERIES = {Lecture Notes in Math.},
    VOLUME = {1717},
     PAGES = {1--91},
 PUBLISHER = {Springer},
   ADDRESS = {Berlin},
      YEAR = {1999},
   MRCLASS = {60-02 (60G17 60G51 60H10 60H15 60J55 60J65)},
  MRNUMBER = {1746300 (2002a:60001)},
}

@book {chung:67,
    AUTHOR = {Chung, Kai Lai},
     TITLE = {Markov chains with stationary transition probabilities},
    SERIES = {Second edition. Die Grundlehren der mathematischen
              Wissenschaften, Band 104},
 PUBLISHER = {Springer-Verlag New York, Inc., New York},
      YEAR = {1967},
     PAGES = {xi+301},
   MRCLASS = {60.60},
  MRNUMBER = {0217872 (36 \#961)},
MRREVIEWER = {F. L. Spitzer},
}
@book {rogers:70,
    AUTHOR = {Rogers, C. Ambrose},
     TITLE = {Hausdorff measures},
 PUBLISHER = {Cambridge University Press},
   ADDRESS = {London},
      YEAR = {1970},
     PAGES = {viii+179},
   MRCLASS = {28.13},
  MRNUMBER = {0281862 (43 \#7576)},
MRREVIEWER = {Edwin Hewitt},
}

@article {kolmogorov:51,
    AUTHOR = {Kolmogorov, Andrei Nikolaevich},
     TITLE = {On the differentiability of the transition probabilities in
              stationary {M}arkov processes with a denumberable number of
              states},
   JOURNAL = {Moskov. Gos. Univ. U\v cenye Zapiski Matematika},
    VOLUME = {148(4)},
      YEAR = 1951,
     PAGES = {53--59},
   MRCLASS = {60.0X},
  MRNUMBER = {0050210 (14,295b)},
MRREVIEWER = {J. L. Doob},
}

@book {fristedt:97,
    AUTHOR = {Fristedt, Bert and Gray, Lawrence},
     TITLE = {A modern approach to probability theory},
    SERIES = {Probability and its Applications},
 PUBLISHER = {Birkh\"auser Boston Inc.},
   ADDRESS = {Boston, MA},
      YEAR = {1997},
     PAGES = {xx+756},
      ISBN = {0-8176-3807-5},
   MRCLASS = {60-01},
  MRNUMBER = {1422917 (98e:60002)},
MRREVIEWER = {N. H. Bingham},
}

@book {norris:98,
    AUTHOR = {Norris, J. R.},
     TITLE = {Markov chains},
    SERIES = {Cambridge Series in Statistical and Probabilistic Mathematics},
    VOLUME = {2},
      NOTE = {Reprint of 1997 original},
 PUBLISHER = {Cambridge University Press},
   ADDRESS = {Cambridge},
      YEAR = {1998},
     PAGES = {xvi+237},
      ISBN = {0-521-48181-3},
   MRCLASS = {60J10 (60-01 60J27)},
  MRNUMBER = {1600720 (99c:60144)},
MRREVIEWER = {M. G. Shur},
}
